@book{citiraj,
  title={Ime reference},
  author={Autori},
  volume={1},
  year={2008},
  publisher={Izdavac}
}